1747 2886
565 126 809 187 REGNUM*
824 122 1168 185 VBG-ammte.
1594 125 1655 155 vu

207 243 568 306 phofinzsubitura,
606 230 782 294 quaeriue
812 237 966 281 evasura
993 233 1069 280 sc‘se
1099 242 1188 275 cum
1211 242 1376 287 corpore
1395 227 1576 282 copulat,
1605 233 1651 266 ut

208 310 249 347 in
269 316 386 345 novas
408 300 661 354 dispergenda
682 300 777 338 vitas
796 295 962 337 circulus
991 289 1190 346 perennet.
1228 304 1234 310 ’

37 390 107 426 22.
137 378 474 429 GERMINATIO
487 373 531 415 fit
546 369 719 426 disperfis
731 367 956 416 seminibus,
975 379 1043 419 per
1053 356 1481 414 hilum‘absorbentibus
1493 367 1649 408 aquam,

207 436 312 478 unde
341 440 582 485 rumpuntur
611 427 860 467 membranae
882 437 903 463 a
925 421 1069 462 bibulis
1092 416 1332 460 tumentibus
1352 411 1651 465 cotyledonibus,

205 489 437 533 lauantibus
466 485 687 530 corculum,
727 494 848 532 usque
872 480 965 519 dum
989 476 1114 516 foetus
1135 472 1322 525 rostellum
1341 469 1531 511 radiculas
1551 465 1652 506 exse·

206 556 287 595 rat',
319 541 397 598 quo
429 545 600 598 erigatur
622 537 802 592 plumula
831 531 1049 576 accrescens
1079 533 1118 570 in
1148 526 1305 568 herbam
1323 528 1440 577 anni,
1470 525 1651 565 termina-

206 614 286 644 tam
311 614 466 659 gemma
487 598 600 652 supra
619 590 896 646 decomposita.

36 692 104 736 23.
134 680 451 725 VEGETATIO
463 675 516 725 fit
532 672 722 714 radiculis
735 666 958 723 sugentibus
970 665 1176 707 tincturam
1189 660 1370 716 aquosam
1380 659 1492 701 humi
1506 688 1516 706 ‚
1539 669 1650 709 quae,

206 738 335 778 calore
363 732 541 786 quotidie
569 729 725 775 addito,
765 726 870 765 lente
899 725 1061 776 pellitur
1090 735 1158 775 per
1187 720 1343 760 corticis
1374 715 1522 756 externi
1553 710 1650 765 vaih,

206 788 312 833 unde
342 790 505 829 nutritio
536 785 738 825 exterioris
770 781 1046 830 interiorisque
1074 779 1251 830 plantae,
1293 772 1495 814 exhalante
1521 768 1651 822 super·

206 849 310 894 fluo,
349 845 507 884 cortices
536 843 757 892 deponente
787 837 835 877 ab
865 837 1051 875 interiore
1080 832 1225 885 pariete
1243 829 1410 876 librum,
1441 829 1653 880 quotannis

203 901 445 943 secedentem
474 901 514 939 in
545 895 793 937 substantiam
821 892 990 947 ligneam
1020 891 1097 940 (ex
1125 887 1277 926 annulis
1305 886 1503 925 annotinis
1533 884 1657 920 inter-2.

203 958 348 1001 stinffis
374 954 541 996 alburno
570 954 726 992 demum
760 948 807 988 ab
836 945 1040 986 emarcidis
1070 942 1319 982 inferioribus
1348 942 1464 979 ramis
1484 935 1649 978 suboffe-

205 1012 335 1065 faclo)
363 1011 656 1052 sustentaturam
687 1005 886 1046 caudicem
916 997 1241 1048 adscendentem,
1272 999 1374 1037 intra
1394 998 1502 1046 quus
1524 998 1651 1046 apices

205 1068 367 1109 medulla
390 1070 473 1107 viva
487 1070 681 1119 properat,

146 1129 378 1169 MEDULLAM
399 1123 579 1174 concipio
593 1116 816 1158 fasciculum
829 1128 849 1154 e
859 1112 967 1154 fibris
978 1123 1188 1160 nervorum
1209 1108 1369 1151 aemulis
1381 1101 1561 1145 isoscelen
1576 1102 1652 1144 for-

204 1179 425 1226 mantibus,
467 1179 508 1216 in
536 1187 613 1227 qua
641 1174 695 1213 vis
720 1171 845 1212 vitalis
863 1170 1011 1223 pellens
1029 1169 1179 1220 rumpit
1199 1168 1385 1211 extimas,
1416 1161 1507 1201 hinc
1528 1161 1649 1200 diver-

202 1245 360 1291 gentes‚
392 1239 638 1286 penetrantes
666 1230 854 1268 corticem
882 1227 1098 1266 etiamnum
1128 1216 1481 1275 subgelatinoiiun,
1520 1216 1587 1256 ubi
1610 1215 1650 1254 hi

203 1293 311 1333 nervi
339 1289 570 1329 medullares
599 1286 708 1338 apice
735 1283 911 1322 similiter
939 1280 1252 1333 multiplicantur
1281 1279 1320 1316 in
1346 1287 1555 1328 gemmam.
1614 1276 1649 1312 A

204 1345 348 1387 dissuto
380 1359 449 1398 per
468 1342 535 1383 has
559 1341 696 1389 fibras,
723 1337 809 1380 vase
829 1336 1110 1383 adscendente,
1141 1333 1412 1387 impeditoque
1431 1328 1566 1370 subtus
1585 1327 1650 1368 ad-

202 1400 332 1444 scensu
346 1401 533 1440 'humoris
553 1393 737 1451 prop111fi,
759 1394 983 1435 extenditur
1005 1392 1188 1432 corticale
1208 1393 1249 1429 in
1262 1388 1422 1441 folium.

144 1464 310 1504 FoLwM
332 1457 429 1507 hoc,
468 1455 576 1508 quod
597 1461 822 1493 exerceatur
843 1450 973 1490 volatu
993 1458 1198 1488 ventorum
1212 1476 1222 1493 ‚
1253 1443 1413 1486 attrabit
1436 1446 1651 1496 praeparat·

203 1530 281 1568 que
309 1515 502 1569 (exceptis
533 1508 821 1563 paraliticorum
849 1515 961 1546 antea
982 1503 1248 1558 praeparatos)
1270 1501 1478 1547 humores,
1508 1499 1648 1550 pagina

201 1572 401 1624 superiore
418 1582 464 1608 ex
484 1573 570 1607 aere
591 1574 629 1606 et
649 1566 758 1613 luce,
789 1561 976 1615 quicquid
998 1558 1066 1608 fit,
1095 1559 1335 1612 principium
1361 1553 1545 1607 inspirat,
1583 1566 1648 1605 pa·

201 1632 294 1683 gina
328 1624 512 1666 inferiore
549 1622 728 1662 roridum
761 1624 969 1669 aeremque
999 1616 1254 1655 oeconomiae
1287 1610 1491 1667 vegetabili
1519 1608 1647 1663 super-

200 1686 323 1724 tluum
343 1680 552 1735 perspirat‚
580 1692 602 1718 a
623 1675 708 1718 casu
728 1687 928 1727 nunquam
954 1667 1247 1712 renasciturum.

143 1742 421 1783 DECLARATUR
450 1746 580 1775 autem
609 1735 711 1773 larva
730 1732 885 1771 herbae
905 1758 916 1779 ,
966 1728 1033 1768 ubi
1064 1726 1257 1766 medullae
1272 1720 1475 1778 'propulsio
1508 1721 1646 1771 major,

199 1809 316 1848 quam
338 1792 571 1833 includentis
593 1790 746 1830 corticis
767 1787 960 1833 retentio,
1003 1797 1082 1835 quo
1106 1784 1245 1837 aperiri
1267 1781 1420 1820 videtur
1440 1777 1646 1828 substantia

200 1852 354 1891 corticis
375 1853 414 1888 in
437 1850 595 1888 calicem
610 1874 621 1896 ,
649 1844 744 1885 libri
763 1845 800 1882 in
824 1842 1012 1881 corollam
1027 1869 1037 1888 ,
1062 1839 1162 1894 ligni
1181 1841 1222 1877 in
1253 1837 1435 1883 stamina,
1462 1830 1648 1873 medullae

201 1909 241 1947 in
266 1905 427 1960 pistilla‚
449 1906 492 1955 ιι)
513 1904 748 1943 terminante
768 1899 1054 1954 vegetationem
1071 1907 1172 1935 nova
1194 1895 1293 1944 vita,
1317 1891 1487 1933 collectis
1510 1889 1582 1930 filis
1604 1891 1644 1928 in

198 1955 340 2003 ultima
358 1961 552 2001 medullae
572 1956 733 1999 semina.
772 1992 775 1993 γ

27 2051 97 2093 24.
125 2043 391 2083 PROLEPSIS
419 2037 510 2078 {istit
537 2030 895 2088 metamorphoseos
925 2028 1428 2086 plantarum‘mysterium,
1458 2039 1537 2078 quo
1560 2022 1645 2062 her-

198 2097 270 2136 bae
296 2096 414 2136 larva
445 2104 618 2134 mutatur
648 2095 687 2131 in
704 2090 948 2130 declaratam
970 2086 1331 2131 fructificationem
1363 2085 1515 2136 plantae
1536 2082 1641 2121 enim

199 2152 252 2192 est
271 2152 485 2206 producere
504 2149 562 2188 vel
582 2146 740 2188 herbam
761 2143 936 2184 soliolam
952 2174 962 2191 ,
1002 2144 1060 2183 vel
1088 2145 1202 2182 etiam
1219 2139 1570 2191 fruHifimtionem.

141 2211 305 2251 Forum
333 2207 549 2261 genuinum
580 2204 730 2256 semper
758 2203 796 2240 in
828 2199 910 2239 {inu
941 2199 1045 2238 fovet
1066 2200 1162 2238 rami
1186 2198 1480 2249 multiplicantis
1501 2193 1643 2247 princi-

199 2268 308 2317 pium
324 2294 335 2313 ,
365 2260 437 2302 five
457 2262 540 2301 aElu
554 2290 566 2310 ,
595 2258 668 2299 five
687 2258 862 2311 potentia
882 2257 981 2302 tale;
1021 2267 1190 2307 cumque
1211 2251 1349 2292 solium
1370 2250 1414 2290 {it
1434 2261 1564 2290 natum
1588 2248 1640 2287 ob

199 2320 315 2370 hujus
345 2316 534 2366 caussam,
575 2330 645 2356 nec
674 2313 832 2354 vicissim
855 2342 866 2362 ,
907 2313 1044 2362 nequit
1071 2310 1228 2350 existere
1259 2307 1396 2347 solium
1419 2336 1431 2356 ‚
1470 2304 1536 2345 nifi
1566 2305 1641 2344 lioc

196 2377 433 2429 principium
462 2371 716 2427 perforaverit
745 2377 858 2409 antea
887 2369 1097 2417 corticem,
1139 2380 1159 2406 e
1189 2378 1268 2417 quo
1290 2365 1421 2403 ortum
1441 2361 1518 2412 est,
1548 2362 1641 2401 licet

198 2431 356 2472 effecius
376 2440 465 2470 ante
486 2428 591 2470 suam
618 2423 782 2468 caussam
806 2421 1039 2463 manifestus.

142 2491 295 2529 GEMMA
325 2488 492 2542 genuina
520 2483 612 2536 (five
633 2482 808 2523 strictiori
839 2477 948 2519 sensu
977 2476 1027 2517 {ic
1053 2476 1173 2527 dieta)
1196 2473 1247 2514 est
1268 2476 1371 2514 rami
1390 2473 1510 2514 siituri
1531 2486 1635 2513 com-

195 2545 410 2597 pendium,-
440 2544 481 2582 in
501 2555 619 2595 quein
640 2540 799 2580 demum
815 2533 1095 2589 explicabitur;
1126 2531 1273 2572 constat
1287 2529 1636 2585 sempersquamis,

884 2605 906 2631 a
934 2604 962 2641 4
1237 2629 1240 2632 Δ
1469 2586 1638 2626 totidem

73 2725 109 2766 a)
135 2723 342 2768 Repugnare
360 2720 442 2754 huic
461 2717 645 2753 sententiae
664 2716 828 2751 videntur
845 2711 972 2749 seriora
991 2711 1161 2757 quaedam
1189 2708 1434 2756 experimenta.
